<record><leader>00000cas a22000007a 4500</leader><controlfield tag="001">15183571</controlfield><controlfield tag="008">870211d19721985inuwr ne      0    0eng d</controlfield><datafield ind1=" " ind2=" " tag="010"><subfield code="a">sn 87055185 </subfield></datafield><datafield ind1=" " ind2=" " tag="040"><subfield code="a">NPI</subfield><subfield code="b">eng</subfield><subfield code="c">NPI</subfield><subfield code="d">OCLCQ</subfield></datafield><datafield ind1=" " ind2=" " tag="042"><subfield code="a">msc</subfield></datafield><datafield ind1="0" ind2="0" tag="245"><subfield code="a">Zionsville Main Street.</subfield></datafield><datafield ind1="3" ind2="0" tag="246"><subfield code="a">Main Street</subfield></datafield><datafield ind1=" " ind2=" " tag="260"><subfield code="a">Zionsville, Ind. :</subfield><subfield code="b">John &amp; Cathy Parsons,</subfield><subfield code="c">1972-1985.</subfield></datafield><datafield ind1=" " ind2=" " tag="310"><subfield code="a">Weekly,</subfield><subfield code="b">&lt;Aug. 8, 1973&gt;-July 31, 1985</subfield></datafield><datafield ind1=" " ind2=" " tag="321"><subfield code="a">Three no. per wk.,</subfield><subfield code="b">Aug. 8, 1972-&lt;July 18, 1973&gt;</subfield></datafield><datafield ind1="0" ind2=" " tag="362"><subfield code="a">Vol. 1, no. 1 (Aug. 8, 1972)-v. 13, no. 51 (July 31, 1985).</subfield></datafield><datafield ind1=" " ind2=" " tag="580"><subfield code="a">Merged with: Zionsville times, and: Zionsville sentinel dispatch, to form: Zionsville times sentinel.</subfield></datafield><datafield ind1=" " ind2=" " tag="752"><subfield code="a">United States</subfield><subfield code="b">Indiana</subfield><subfield code="c">Boone</subfield><subfield code="d">Zionsville.</subfield></datafield><datafield ind1="1" ind2="7" tag="785"><subfield code="t">Zionsville times</subfield><subfield code="w">(DLC)sn 84045576</subfield><subfield code="w">(OCoLC)11434456</subfield></datafield><datafield ind1="1" ind2="7" tag="785"><subfield code="t">Zionsville sentinel dispatch</subfield><subfield code="w">(DLC)sn 87055213</subfield></datafield><datafield ind1="1" ind2="7" tag="785"><subfield code="t">Zionsville times sentinel</subfield><subfield code="x">0886-4330</subfield><subfield code="w">(DLC)sn 85003865</subfield><subfield code="w">(OCoLC)12886489</subfield></datafield></record>